% Artigos usados nas referências
% Melhor jeito de pegar o Bibtex de cada artigo é https://www.doi2bib.org

@article{Osman2021,
  title = {Globally resolved surface temperatures since the Last Glacial Maximum},
  volume = {599},
  ISSN = {1476-4687},
  url = {http://dx.doi.org/10.1038/s41586-021-03984-4},
  DOI = {10.1038/s41586-021-03984-4},
  number = {7884},
  journal = {Nature},
  publisher = {Springer Science and Business Media LLC},
  author = {Osman,  Matthew B. and Tierney,  Jessica E. and Zhu,  Jiang and Tardif,  Robert and Hakim,  Gregory J. and King,  Jonathan and Poulsen,  Christopher J.},
  year = {2021},
  month = nov,
  pages = {239–244}
}
